<?xml version="1.0" encoding="UTF-8"?>
<record xmlns="http://www.loc.gov/MARC21/slim" xmlns:xsi="http://www.w3.org/2001/XMLSchema-instance" xsi:schemaLocation="http://www.loc.gov/MARC21/slim http://www.loc.gov/standards/marcxml/schema/MARC21slim.xsd">
<leader>00000cam a22      a 4500</leader>
<controlfield tag="001">002811048</controlfield>
<controlfield tag="003">NNU</controlfield>
<controlfield tag="005">20160208170028.0</controlfield>
<controlfield tag="008">911121r19851900ir            000 0 ara d</controlfield>
<datafield tag="035" ind1=" " ind2=" ">
<subfield code="a">(OCoLC)248920414</subfield>
</datafield>
<datafield tag="040" ind1=" " ind2=" ">
<subfield code="a">NNU</subfield>
<subfield code="b">eng</subfield>
<subfield code="c">PAU</subfield>
<subfield code="d">OCLCQ</subfield>
<subfield code="d">OCLCO</subfield>
<subfield code="d">NNU</subfield>
</datafield>
<datafield tag="050" ind1=" " ind2="4">
<subfield code="a">QL41</subfield>
<subfield code="b">.D3 1985</subfield>
</datafield>
<datafield tag="100" ind1="1" ind2=" ">
<subfield code="6">880-01</subfield>
<subfield code="a">Damīrī, Muḥammad ibn Mūsá,</subfield>
<subfield code="d">1341?-1405.</subfield>
</datafield>
<datafield tag="245" ind1="1" ind2="0">
<subfield code="6">880-02</subfield>
<subfield code="a">Ḥayāt al-ḥayawān al-kubrá /</subfield>
<subfield code="c">li-Kamāl al-Dīn Muḥammad ibn Mūsá al-Damīrī. Wa-yalīhi ʻAjāʼib al-makhlūqāt wa-gharāʼib al-mawjūdāt /li-Zakarīyā Muḥammad ibn Maḥmūd al-Qazwīnī.</subfield>
</datafield>
<datafield tag="250" ind1=" " ind2=" ">
<subfield code="6">880-03</subfield>
<subfield code="a">al-Ṭabʻah 2.</subfield>
</datafield>
<datafield tag="260" ind1=" " ind2=" ">
<subfield code="6">880-04</subfield>
<subfield code="a">Qum :</subfield>
<subfield code="b">Manshūrāt al-Raz̤ī,</subfield>
<subfield code="c">1364 [1985 or 1986]</subfield>
</datafield>
<datafield tag="300" ind1=" " ind2=" ">
<subfield code="a">2 volumes ;</subfield>
<subfield code="c">25 cm</subfield>
</datafield>
<datafield tag="336" ind1=" " ind2=" ">
<subfield code="a">text</subfield>
<subfield code="b">txt</subfield>
<subfield code="2">rdacontent</subfield>
</datafield>
<datafield tag="337" ind1=" " ind2=" ">
<subfield code="a">unmediated</subfield>
<subfield code="b">n</subfield>
<subfield code="2">rdamedia</subfield>
</datafield>
<datafield tag="338" ind1=" " ind2=" ">
<subfield code="a">volume</subfield>
<subfield code="b">nc</subfield>
<subfield code="2">rdacarrier</subfield>
</datafield>
<datafield tag="500" ind1=" " ind2=" ">
<subfield code="a">Reprint. Originally published: [Cairo] :Maktabat wa-Maṭbaʻat Muṣṭafʹa al-Bābī al-Ḥalabī, [19--].</subfield>
</datafield>
<datafield tag="650" ind1=" " ind2="0">
<subfield code="a">Zoology</subfield>
<subfield code="v">Pre-Linnean works.</subfield>
</datafield>
<datafield tag="650" ind1=" " ind2="0">
<subfield code="a">Science, Medieval</subfield>
<subfield code="v">Early works to 1800.</subfield>
</datafield>
<datafield tag="650" ind1=" " ind2="0">
<subfield code="a">Science, Arab.</subfield>
</datafield>
<datafield tag="700" ind1="1" ind2=" ">
<subfield code="6">880-05</subfield>
<subfield code="a">Qazwīnī, Zakarīyā ibn Muḥammad,</subfield>
<subfield code="d">approximately 1203-1283.</subfield>
<subfield code="t">ʻAjāʼib al-makhlūqāt.</subfield>
</datafield>
<datafield tag="880" ind1="1" ind2=" ">
<subfield code="6">100-01/</subfield>
<subfield code="a">دميري، محمد بن موسى،</subfield>
<subfield code="d">1341?-1405.</subfield>
</datafield>
<datafield tag="880" ind1="1" ind2="0">
<subfield code="6">245-02/</subfield>
<subfield code="a">حياة الحيوان الكبرى /</subfield>
<subfield code="c">لكمال الدين محمد بن موسى الدميري. ويليه عجائب المخلوقات وغرائب الموجودات /لزكريا محمد بن محمود القزويني.</subfield>
</datafield>
<datafield tag="880" ind1=" " ind2=" ">
<subfield code="6">250-03/</subfield>
<subfield code="a">الطبعة 2.</subfield>
</datafield>
<datafield tag="880" ind1=" " ind2=" ">
<subfield code="6">260-04/</subfield>
<subfield code="a">قم :</subfield>
<subfield code="b">منشورات الرضى،</subfield>
<subfield code="c">1364 [1985 or 1986]</subfield>
</datafield>
<datafield tag="880" ind1="1" ind2=" ">
<subfield code="6">700-05/</subfield>
<subfield code="a">قزويني، زكريا بن محمد،</subfield>
<subfield code="d">approximately 1203-1283.</subfield>
<subfield code="t">عجائب المخلوقات.</subfield>
</datafield>
<datafield tag="OWN" ind1=" " ind2=" ">
<subfield code="a">GENERAL</subfield>
</datafield>
<datafield tag="AVA" ind1=" " ind2=" ">
<subfield code="a">NYU50</subfield>
<subfield code="b">BOBST</subfield>
<subfield code="c">Main Collection</subfield>
<subfield code="d">QL41 .D3 1985</subfield>
<subfield code="e">unavailable</subfield>
<subfield code="t">Unavailable</subfield>
<subfield code="f">2</subfield>
<subfield code="g">2</subfield>
<subfield code="h">Y</subfield>
<subfield code="i">0</subfield>
<subfield code="j">MAIN</subfield>
<subfield code="k">0</subfield>
</datafield>
</record>
